@ARTICLE{SMC74,
	author={Stevens, W. P. and Myers, G. J. and Constantine, L. L.},
	journal={IBM Systems Journal}, 
	title={Structured design}, 
	year={1974},
	volume={13},
	number={2},
	pages={115-139},
	doi={10.1147/sj.132.0115}
}

@ARTICLE{Haywood17, 
	title={The Question of a Standard Gauge for Russian Railways, 1836-1860}, 
	volume={28}, 
	DOI={10.2307/2493039}, 
	number={1}, 
	journal={Slavic Review}, 
	author={Haywood, R. M.}, 
	year={2017}, 
	pages={72–80}
}
 
@ARTICLE{Shan48,
	author = {Shannon, C.},
	title = {Model-driven development: a metamodeling foundation},
	journal = {A Mathematical Theory of Communication, Bell System Technical Journal 27},
	year = {1948},
	pages = { 379-423}
}

@ARTICLE{Martin00,
	author = {Martin, R.C.},
	title ={ Design Principles and	Design Patterns},
	journal = {objectmentor.com},
	url = {http://www.objectmentor.com/resources/articles/Principles_and_Patterns.pdf},
	year = {2000}
}

@ARTICLE{BecCun89,
	author = {Beck, K. and Cunningham, W},
	title ={A Laboratory For Teaching Object-Oriented Thinking},
	journal = {OOPSLA'89 Conference Proceedings,Volume 24, Number 10},
	url = {https://c2.com/doc/oopsla89/paper.html},
	year = {1989}
}
 
@ARTICLE{Liskov87,
	author = {Liskov, B.},
	title ={Data Abstraction and Hierarchy},
	journal = {OOPSLA 87 Addendum to the Proceedings},
	year = {1987}
}

@ARTICLE{LisWin94,
	author = {Liskov, B. and Wing, J.M},
	title ={A Behavioral Notion of Subtyping},
	journal = {ACM Transactions on Programming Languages and Systems},
	year = {1994}
}

@ARTICLE{Martin04,
	author = {Martin, F.},
	title ={Inversion of Control Containers and the Dependency Injection pattern},
	url = {https://martinfowler.com/articles/injection.html},
	year = {2004}
}

@ARTICLE{McCabe76,
	author = {McCabe, T.J.},
	journal = {IEEE Transactions on Software Engineering},
	title ={A Measure Complexity},
	url = {https://martinfowler.com/articles/injection.html},
	year = {1976}
}

@ARTICLE{CMRW96,
	author={Campbell, K. H. S. and McWhir, J. and Ritchie, W. A. and Wilmut, I.},
	journal={Nature volume}, 
	title={Sheep cloned by nuclear transfer from a cultured cell line}, 
	year={1996}	
}

@ARTICLE{Horodecki09,
	title={Quantum entanglement},
	volume={81},
	ISSN={1539-0756},
	url={http://dx.doi.org/10.1103/RevModPhys.81.865},
	DOI={10.1103/revmodphys.81.865},
	number={2},
	journal={Reviews of Modern Physics},
	publisher={American Physical Society (APS)},
	author={Horodecki, Ryszard and Horodecki, Paweł and Horodecki, Michał and Horodecki, Karol},
	year={2009},
	month=jun, pages={865–942} 
}

@ARTICLE{Alan37,
	title={On Computable Numbers, with an Application to the Entscheidungsproblem},
	journal={Reviews of Modern Physics},
	publisher={Proceedings of the London Mathematical Society},
	author={Turing, A. M.},
	year={1937}
}

@ARTICLE{GonSal14,
	title={LAS VISITAS COLONIALES: OJOS Y OÍDOS DEL REY},
	journal={Revista Historia y Justicia},	
	author={Gonzalez, N. and Salinas, M. L.},
	year={2014}
}

@article{Hoare69,
	author = {Hoare, C. A. R.},
	title = {An Axiomatic Basis for Computer Programming},
	year = {1969},	
	publisher = {Association for Computing Machinery},
	journal = {Commun. ACM},	
	pages = {576–580}
}