@book{Taleb10,
	title = {El Cisne Negro: El impacto de lo altamente improbable},
	publisher = {Random House Trade Paperbacks},
	year = {2010},
	author = {Taleb, N.}
}
@book{Heath10,
	title = {The works of Archimedes},
	publisher = {Cambridge University Press},
	year = {2010},
	author = {Edited by Heath, T. L.}
}
@book{Brooks95,
	title = {The Mythical Man - Month},
	publisher = {Addison-Wesley},
	year = {1995},
	author = {Brooks, F.}
}
@book{Maeda08,
	title = {Las leyes de la simplicidad},
	publisher = {Gedisa},
	year = {2008},
	author = {Maeda, J.}
}
@BOOK{RJB05,
	title = {The Unified Modeling Language User Guide, second edition},
	publisher = {Addison-Wesley},
	year = {2005},
	author = {Rumbaugh, J. and Jacobson, I. and Booch, G.}
}
@BOOK{RJB06,
	title = {The Unified Modeling Language Reference Manual, second edition},
	publisher = {Addison-Wesley},
	year = {2006},
	author = {Rumbaugh, J. and Jacobson, I. and Booch, G.}
}
@BOOK{SG96,
	title = {Software Architecture},
	publisher = {Prentice Hall},
	year = {1996},
	author = {Shaw, M. and Garlan, D.}
}
@BOOK{Kuchana04,
	title = {Software Architecture Design Patterns in Java},
	publisher = {Auerbach},
	year = {2004},
	author = {Kuchana, P.}
}
@BOOK{ST01,
	title = {Design Patterns Explained, A New Perspective on Object-oriented Design},
	publisher = {Addison-Wesley},
	year = {2001},
	author = {Shalloway, A. and Trott, J.}
}
@BOOK{SV15,
	title = {Java Design Patterns},
	publisher = {Apress},
	year = {2015},
	author = {Sarcar, V.}
}
@BOOK{Ma08,
	title = {Object-Oriented Analysis and Design Using UML,	An Introduction to Unified Process and Design Patterns},
	publisher = {PHI Learning},
	year = {2008},
	author = {Matha, M. P.}
}

@BOOK{FF04,
	author = {Freeman, E. and Freeman, E.},
	title = {Head First Design Patterns},
	publisher = {O'Reilly},
	year = {2004}
}
@BOOK{Andersen09,
	title = {El traje Nuevo del emperador},
	publisher = {la galera},
	year = {2009},
	author = {Andersen, C.}
}
@BOOK{GHJV94,
	title = {Design Patterns},
	publisher = {Addison Wesley},
	year = {1994},
	author = {Gamma, E. and Helm, R. and Johnson, R. and Vlissides, J.}
}
@BOOK{Par10,
	title = {50 Teorías Cintíficas Revolucionarias e Imaginativas},
	publisher = {Blume},
	year = {2010},
	author = {Parson, P.}
}
@BOOK{Loe10,
	title = {50 Teorías Filosóficas Intelectualmente Estimulantes},
	publisher = {Blume},
	year = {2010},
	author = {Loewer, B.}
}
@BOOK{Morin01,
	title = {Introduccion al Pensamiento Complejo},
	publisher = {Editorial Gedisa, S.A},
	year = {2001},
	author = {Morin, E.}
}
@BOOK{Chomsky04,
	title = {Estructuras Sintácticas},
	publisher = {Siglo Ventiuno},
	year = {2004},
	author = {Chomsky, N.}
}

@BOOK{Rob07,
	title = {Metrum La  historia de las medidad},
	publisher = {Ediciones Paidós Ibérica},
	year = {2007},
	author = {Robinson, A.}
}
@BOOK{Fen97,
	title = {Software Metrics},
	publisher = {PWS Publishing Company},
	year = {1997},
	author = {Fenton, N. and Pfleeger, S.L.}
}
@BOOK{BMMM98,
	title = {AntiPatterns: Refactoring Software, Architectures, and Projects in Crisis},
	publisher = {John Wiley \& Sons, Inc.},
	year = {1998},
	author = {Brown, W.J and Malveau R.C. and . McCormick III, H.W and Mowbray, T.J }
}
@BOOK{Meyer98,
	title = {Construcción de software Orientado a Objetos},
	publisher = {Prentice-Hall},
	year = {1998},
	author = {Meyer, B.}
}
@BOOK{Mar98,
	title = {Agile Software Development,Principles, Patterns, and Practices},
	publisher = {Pearson Education Limited},
	year = {2014},
	author = {Martin, R.C}
}
@BOOK{LeeTep97,
	title = {UML AND C++, A PRACTICAL GUIDE TO OBJECT-ORIENTED DEVELOPMENT},
	publisher = {Prentice Hall},
	year = {1997},
	author = {Lee, R.C and Tepfenhart, W.M}
}
@BOOK{Budd94,
	title = {Introducción Programacion Orintada a Objetos},
	publisher = {Addison-Wesley},
	year = {1994},
	author = {Budd, T.}
}
@BOOK{Kuhn06,
	title = {La Estructura de las Revoluciones Científicas},
	publisher = {Fondo de Cultura Económica},
	year = {2006},
	author = {Kuhn, T.}
}
@BOOK{TN02,
	title = {Programming-languages Principles and Paradigms},
	publisher = {Mc Graw Hill},
	year = {2002},
	author = {Tucker, A. and Noonan, R.}
}
@BOOK{Rum96,
	title = {Modelado y diseño orientados a objetos},
	publisher = {Prentice Hall},
	year = {1996},
	author = {Rumbaugh, J. and Blaha, M. and Premerlani, W. and Eddy, F. and Lorensen, W.}
}
 , Orientado a Objetos Análisis y Diseño, 2ª edición , ,1994(

@BOOK{Booch94,
	title = {Object-oriented analysis and design with applications},
	publisher = {Benjamin/Cummings Pub. Co},
	year = {1994},
	author = {Booch, G.}
}
@BOOK{Jac92,
	title = {Object-Oriented Software Engineering: A Use Case Driven Approach},
	publisher = { Addison-Wesley},
	year = {1992},
	author = {Jacobson, I. and Christerson, M. and Jonsson, P. and Overgaard, G.}
}

@BOOK{Ford22,
	title = {My Life and Work},
	publisher = {Doubleday, Universidad de Harvard},
	year = {1922},
	author = {Ford, H. and Crowther, S.}
}
@BOOK{Lucas02,
	title = {Lectures on Economic Growth},
	publisher = {Harvard University Press},
	year = {2002},
	author = {Lucas, R. E.}
}
@BOOK{Bacon03,
	title = {NOVUM ORGANUM (Spanish Edition)},
	publisher = {Losada},
	year = {2003},
	author = {Bacon, F.}
}
@BOOK{Hooke76,
	title = {A description of helioscopes and some other instruments},
	publisher = {Martin, John},
	year = {1676},
	author = {Hooke, R.}
}

@BOOK{Furley87,
	address = {New York},
	author = {David J. Furley},
	publisher = {Cambridge University Press},
	title = {The Greek Cosmologists: Volume 1, the Formation of the Atomic Theory and its Earliest Critics},
	year = {1987}
}
@BOOK{Russell10,
	author = {Russell, B.},
	editorial = {ESPASA LIBROS},
	title = {HISTORIA DE LA FILOSOFIA OCCIDENTAL I},
	year = {2010}
}

@BOOK{Porter98,
	title={Competitive Advantage: Creating and Sustaining Superior Performance},
	author={Porter, M. E.},
	publisher={Free Press},
	year={1998},
}
@BOOK{Adkins00,
	title={The keys of Egypt : the obsession to decipher Egyptian hieroglyphs},
	author={Adkins, L. and Adkins, R.},
	publisher={HarperCollins Publishers},
	year={2000},
}
@BOOK{Ben09,
	title={Historical Encyclopedia of Natural and Mathematical Sciences},
	author={Ben-Menahem, A.},
	publisher={Springer Science \& Business Media},
	year={2009},
}
@BOOK{Rod18,
	title={Observacion Espectroscópica},
	author={Rodriguez, M.},
	publisher={Marcombo},
	year={2018},
}

@BOOK{Ros04,
	title={MATEMATICA discreta y sus aplicaciones},
	author={Rosen, K. h.},
	publisher={Mc Graw Hill},
	year={2004},
}


@BOOK{Twain99,
	title={Las aventuras de Tom Sawyer},
	author={Twain, M.},
	publisher={EDAF},
	year={1999},
}

@BOOK{Tucker02,
	title={Programming Languages, Principles and paradigms},
	author={Tucker, A. and Noonan, R.},
	publisher={Mc Graw Hill},
	year={2002},
}

@BOOK{Meyer99,
	title = {Construcción de Software Orientado a Objetos},
	publisher = {Prentice Hall},
	year = {1999},
	author = {Meyer, B.}
}
