%-----------------------------------INGENIERIA DE SOFTWARE-------------------------------
@BOOK{Braude,
	title = {Ingenier\'ia del Software Orientada a Objetos},
	publisher = {Alfaomega},
	year = {2002},
	author = {Braude E},
	keywords     = {Braude}
}
@BOOK{Pressman09,
	title = {Sofware Engineering a practitiones\'s aproach, seventh edition},
	publisher = {Mc Graw Hill},
	year = {2009},
	author = {Pressman R},
	keywords = {Pressman09}
}
@BOOK{SSR12,
	title = {Ingenier\'ia del Software, un enfoque desde la gu\'ia SWEBOK},
	publisher = {Alfaomega},
	year = {2012},
	author = {S\'anchez S and Sicilia M A and Rodr\'iguez D},
	keywords     = {SSR12}
}
@BOOK{Somerville05,
	title = {Ingenier\'ia del software},
	publisher = {Addison Wesley},
	year = {2005},
	author = {Somerville I},
	keywords     = {Somerville05}
}
@BOOK{MetaPro,
	title = {Metaproceso de Desarrollo de Software},
	publisher = {UD},
	year = {2016},
	author = {Bola{\~n}os S and Medina V and Ferro R},
	keywords = {MetaPro}
}
%-----------------------------------DISEÃ‘O DE SOFTWARE-------------------------------
@BOOK{Brooks95,
	title = {The Mythical Man$-$Month},
	publisher = {Addison-Wesley},
	year = {1995},
	author = {Brooks F},
	keywords = {Brooks95}
}
@BOOK{Narayanan19,
	title = {Elegant Software Desogn Principles},	
	year = {2019},
	author = {Narayanan Jayaratchagan},
	keywords = {Narayanan19}
}
@BOOK{Meyer99,
	title = {Construcci\'on de Software Orientado a Objetos},
	publisher = {Prentice Hall},
	year = {1999},
	author = {Meyer, B},
	keywords = {Meyer99}
}
%-----------------------------------UML----------------------------------------------
@BOOK{RJB06,
	title = {The Unified Modeling Language Reference Manual, second edition},
	publisher = {Addison-Wesley},
	year = {2006},
	author = {Rumbaugh J and Jacobson I and Booch G},
	keywords = {RJB06}
}
@BOOK{RJB05,
	title = {The Unified Modeling Language User Guide, second edition},
	publisher = {Addison-Wesley},
	year = {2005},
	author = {Rumbaugh J and Jacobson I and Booch G},
	keywords = {RJB05}
}
%-----------------------------------PATRONES-----------------------------------------
@BOOK{GHJV94,
	title = {Design Patterns},
	publisher = {Addison Wesley},
	year = {1994},
	author = {Gamma E and Helm R and Johnson R and Vlissides J},
	keywords = {GHJV94},
}
@BOOK{Kuchana04,
	title = {Software Architecture Design Patterns in Java},
	publisher = {Crc press},
	year = {2004},
	author = {Kuchana P},
	keywords = {Kuchana04},
}